<?xml version="1.0" encoding="UTF-8"?>
<collection xmlns:xsi="http://www.w3.org/2001/XMLSchema-instance" xsi:schemaLocation="http://www.loc.gov/MARC21/slim http://www.loc.gov/standards/marcxml/schema/MARC21slim.xsd" xmlns="http://www.loc.gov/MARC21/slim">
<record>
  <leader>01577cam a22003731  4500</leader>
  <controlfield tag="001">2595414</controlfield>
  <controlfield tag="003">NNC</controlfield>
  <controlfield tag="005">20150920222850.0</controlfield>
  <controlfield tag="008">950531s1969    iq            000 0 arao </controlfield>
  <datafield tag="010" ind1=" " ind2=" ">
    <subfield code="a">   79235858 /NE</subfield>
  </datafield>
  <datafield tag="035" ind1=" " ind2=" ">
    <subfield code="a">(OCoLC)32577300</subfield>
  </datafield>
  <datafield tag="035" ind1=" " ind2=" ">
    <subfield code="a">(OCoLC)ocm32577300</subfield>
  </datafield>
  <datafield tag="035" ind1=" " ind2=" ">
    <subfield code="9">AQT4983CU</subfield>
  </datafield>
  <datafield tag="035" ind1=" " ind2=" ">
    <subfield code="a">(NNC)2595414</subfield>
  </datafield>
  <datafield tag="040" ind1=" " ind2=" ">
    <subfield code="a">DLC</subfield>
    <subfield code="c">CU</subfield>
    <subfield code="d">CU</subfield>
    <subfield code="d">UkOxU</subfield>
  </datafield>
  <datafield tag="050" ind1="0" ind2=" ">
    <subfield code="a">Z3036</subfield>
    <subfield code="b">.A92</subfield>
  </datafield>
  <datafield tag="066" ind1=" " ind2=" ">
    <subfield code="c">(3</subfield>
    <subfield code="c">(4</subfield>
  </datafield>
  <datafield tag="090" ind1=" " ind2=" ">
    <subfield code="a">Arab.</subfield>
    <subfield code="b">d.3988</subfield>
  </datafield>
  <datafield tag="100" ind1="1" ind2=" ">
    <subfield code="6">880-01</subfield>
    <subfield code="a">ʻAwwād, Kūrkīs.</subfield>
  </datafield>
  <datafield tag="245" ind1="1" ind2="0">
    <subfield code="6">880-02</subfield>
    <subfield code="a">Mushārakat al-ʻIrāq fī nashr al-turāth al-ʻArabī /</subfield>
    <subfield code="c">Kūrkīs ʻAwwād.</subfield>
  </datafield>
  <datafield tag="260" ind1=" " ind2=" ">
    <subfield code="6">880-03</subfield>
    <subfield code="a">Baghdād :</subfield>
    <subfield code="b">Maṭbaʻat al-Majmaʻ al-ʻIlmī al-ʻIrāqī,</subfield>
    <subfield code="c">1969.</subfield>
  </datafield>
  <datafield tag="300" ind1=" " ind2=" ">
    <subfield code="a">91 p. ;</subfield>
    <subfield code="c">24 cm.</subfield>
  </datafield>
  <datafield tag="490" ind1="1" ind2=" ">
    <subfield code="6">880-04</subfield>
    <subfield code="a">Maṭbūʻāt al-Majmaʻ al-ʻIlmī al-ʻIrāqī</subfield>
  </datafield>
  <datafield tag="500" ind1=" " ind2=" ">
    <subfield code="a">Mustall min al-mujallad al-sābiʻ ʻashar min Majallat al-Majmaʻ al-ʻIlmī al-ʻIrq̄.̄</subfield>
  </datafield>
  <datafield tag="650" ind1=" " ind2="0">
    <subfield code="a">Arabic imprints</subfield>
    <subfield code="z">Iraq.</subfield>
  </datafield>
  <datafield tag="650" ind1=" " ind2="0">
    <subfield code="a">Islamic civilization</subfield>
    <subfield code="v">Bibliography.</subfield>
  </datafield>
  <datafield tag="830" ind1=" " ind2="0">
    <subfield code="6">880-05</subfield>
    <subfield code="a">Maṭbūʻāt al-Majmaʻ al-ʻIlmī al-ʻIrāqī.</subfield>
  </datafield>
  <datafield tag="880" ind1="1" ind2=" ">
    <subfield code="6">100-01/(3/r</subfield>
    <subfield code="a">عواد، کورکيس.</subfield>
  </datafield>
  <datafield tag="880" ind1="1" ind2="0">
    <subfield code="6">245-02/(3/r</subfield>
    <subfield code="a">مشارکة العراق في نشر التراث العربي /</subfield>
    <subfield code="c">تأليف کورکيس عواد.</subfield>
  </datafield>
  <datafield tag="880" ind1=" " ind2=" ">
    <subfield code="6">260-03/(3/r</subfield>
    <subfield code="a">[بغداد] :</subfield>
    <subfield code="b">مطبعة المجمع العلمي العراقي،</subfield>
    <subfield code="c">١٩٦٩.</subfield>
  </datafield>
  <datafield tag="880" ind1="1" ind2=" ">
    <subfield code="6">490-04/(3/r</subfield>
    <subfield code="a">مطبوعات المجمع العلمي العراقي</subfield>
  </datafield>
  <datafield tag="880" ind1=" " ind2="0">
    <subfield code="6">830-05/(3/r</subfield>
    <subfield code="a">مطبوعات المجمع العلمي العراقي</subfield>
  </datafield>
  <datafield tag="955" ind1=" " ind2=" ">
    <subfield code="b">0036762407</subfield>
    <subfield code="d">glx</subfield>
    <subfield code="e">Z3036 .A92</subfield>
  </datafield>
</record>
</collection>